@string{tvt = {IEEE Trans. Veh. Tech.}}
@string{tc = {IEEE Trans. Commun.}}
@string{tgeo = {IEEE Trans. Geosci. Remote Sensing}}
@string{com = {IEEE Trans. Commun.}}
@string{wireless = {IEEE Trans. Wireless Commun.}}
@string{it = {IEEE Info. Theory}}
@string{jsac = {IEEE J. Select. Areas Commun.}}
@string{ieee = "Proceedings of the {IEEE}"}
@string{bstj = "Bell Syst. Tech. J."}
@string{aero = "{IEEE} Transactions on Aerospace and Electronic Systems"}
@string{sp = "{IEEE} Transactions on Signal Processing"}
@string{assp = "{IEEE} Transactions on Acoustics, Speech, and Signal 
                Processing"}
@string{ip = "{IEEE} Transactions on Image Processing"}
@string{ieeeac = "{IEEE} Transactions on Automatic Control"}
@string{ac = "{IEEE} Transactions on Automatic Control"}
@string{commag = "{IEEE} Comm. Mag."}




@misc{Antony:12,
author = {A. Antony and I. Chaubey and B. Engel and N. Carroll},
title = {National Agricultural Pesticide Risk Assessment-web User Manual},
year = {2012},
howpublished = {\url{https://engineering.purdue.edu/napra/napraback/WebUserManual2012.pdf}},
note = {Accessed: 2016-12-06}
}

@misc{Ault:15a,
author = {A. Ault and A. Balmos},
title = {{OADA REST API} Specification, Version 0.3},
year = {2015},
howpublished = {\url{https://github.com/OADA/oada-docs/blob/master/rest-specs/README.md}},
note = {Accessed: 2016-12-06}
}

@misc{Ault:15b,
author = {A. Ault and A. Balmos},
title = {{OADA} Federated Identity},
year = {2015},
howpublished = {\url{https://github.com/OADA/oada-docs/blob/master/functional-specs/Federated-Identity.md}},
note = {Accessed: 2016-12-06}
}

@misc{Avro:16,
title = {Apache Avro website},
howpublished = {\url{https://avro.apache.org}},
note = {Accessed: 2016-07-01}
}
 
@misc{ARS:14,
title = {Revised Universal Soil Loss Equation 2 - Overview of {RUSLE} 2},
howpublished = {\url{http://www.ars.usda.gov/Research/docs.htm?docid=6010}},
note = {Accessed: 2016-12-06}
}

@incollection{Djokic:00,
author={D. Djokic and Z. Ye},
year={2000},
title={{DEM} preprocessing for efficient watershed delineation},
booktitle={Hydrologic and Hydraulic Modeling Support with Geographic Information Systems},
editor={D. Djokic and D. Maidment},
pages={65-84},
publisher={ESRI Press},
address={Redlands, CA}
}

@inproceedings{Fernandez-Villamor:10,
 author={J. I. Fernandez-Villamor and C. A. Iglesias and M. Garijo},
 year={2010},
title={Microservices - Lightweight Service Descriptions for {REST} Architectural Style},
booktitle={Proceedings of the International Conference on Agents and Artificial Intelligence},
volume = {1},
month = {January},
address={Valencia, Spain}
}

@phdthesis{Fielding:00,
title = {Architectural Styles and the Design of Network-based Software Architectures},
school = {University of California, Irvine},
address = {Irvine, CA},
author = {R. T. Fielding},
year = {2000},
}

@misc{Kafka:16,
title = {Apache {K}afka},
howpublished = {\url{http://kafka.apache.org/}},
note = {Accessed: 2016-06-01}
}

@mastersthesis{Koester:15,
  author       =  {Matthew R. Koester}, 
  title        =  {A nearly autonomous platform independent application for recording manure hauling records},
  school       =  {Purdue University},
  year         =  2015,
  address      =  {West Lafayette, IN}
}

@inproceedings{Kreps:11,
 author={J. Kreps and N. Narkhede and J. Rao},
 year={2011},
title={Kafka: A distributed messaging system for log processing},
booktitle={Proceedings of 6th International Workshop on Networking Meets Databases},
month = {June},
address={Athens, Greece}
}

@misc{Kreps:14,
author = {J. Kreps},
title = {Benchmarking Apache Kafka: 2 Million Writes Per Second (On Three Cheap Machines)},
year = {2014},
howpublished = {\url{https://engineering.linkedin.com/kafka/benchmarking-apache-kafka-2-million-writes-second-three-cheap-machines}},
note = {Accessed: 2014-04-01}
}

@article{Lamport:98,
author = "L. Lamport",  
title = "The Part-Time Parliament", 
journal = "ACM Transactions on Computer Systems", 
volume = "16",
number = "2",
month = "May",
pages = "133-169",
year = "1998"}

@inproceedings{Layton:14,
author={A. W. Layton and A. D. Balmos and S. Sabpaisal and A. Ault and J. V. Krogmeier and D. Buckmaster},
year={2014},
title={{ISOBLUE}: An open source project to bring agricultural machinery data into the cloud},
booktitle={Annual Meeting of the American Society of Agricultural and Biological Engineers},
address = {Montreal, Canada},
note = {Paper No. 141929380.}
}

@book{Machiraju:15,
author = {S. Machiraju and S. Gaurav},
title = {Hardening Azure Applications},
publisher =  "Apress",
year = "2015"}

@misc{MOE:16,
title = {Metric Optimization Engine},
howpublished = {\url{https://github.com/Yelp/MOE}},
note = {Accessed: 2016-06-01}
}

@misc{NPM:16,
title = {Node Package Manager website},
howpublished = {\url{https://npmjs.org}},
note = {Accessed: 2016-07-01}
}

@inproceedings{Ongaro:14,
 author={D. Ongaro and J. Ousterhout},
 year={2014},
title={In search of an understandable consensus algorithm},
booktitle={2014 USENIX Annual Technical Conference (USENIX ATC 14)},
month = {June},
pages = {305-319}
}

@misc{Palino:15,
author = {T. Palino},
title = {Running Kafka At Scale},
year = {2015},
howpublished = {\url{https://engineering.linkedin.com/kafka/running-kafka-scale}},
note = {Accessed: 2015-03-01}
}

@misc{Reeder:16,
author = {T. Reader},
title = {Microcontainers - Tiny, Portable Docker Containers},
year = {2016},
howpublished = {\url{https://www.iron.io/microcontainers-tiny-portable-containers}},
note = {Accessed: 2016-06-01}
}

@techreport{Rotz:16,
author = {C. A. Rotz and M. S. Corson and D. S. Chianese and F. Montes and S. D. Hafner and H. F. Bonifacio and C. U. Coiner},
title = {The Integrated Farm System Model -- Reference Manual  4.3},
month = {September},
year = {2016},
institution = {USDA ARS Pasture Systems and Watershed Management Unit},
howpublished = {\url{https://www.ars.usda.gov/sp2UserFiles/Place/19020500/Reference%20Manual.pdf }},
note = {Accessed: 2016-12-06}
}

@techreport{Shapiro:11,
author = {M. Shapiro and N. Preguica and C. Baquero and M. Zawirski},
title = {A Comprehensive Study of Convergent and Commutative Replicated Data Types},
year = {2011},
institution = {INRIA - Centre},
address = {Paris-Rocquencourt, France},
number = {RR-7506}
}

@article{Sneps-Sneppe:14,
author = "M. Sneps-Sneppe and D. Namiot",  
title = "Micro-service Architecture for Emerging Telecom Applications", 
journal = "International Journal of Open Information Technologies", 
volume = "2",
number = "11",
year = "2014"}

@article{Thones:15,
author = "J. Thones",  
title = "Microservices", 
journal = "{IEEE} Software", 
volume = "32",
number = "1",
month = "Jan.-Feb.",
year = "2015",
pages = "116"}

@misc{TrialsTracker:16,
title = {Trials Tracker open source application (under development)},
howpublished = {\url{https://github.com/OpenATK/TrialsTracker}},
note = {Accessed: 2016-07-01}
}

@misc{Varia:14,
author = {J. Varia and S. Mathew},
title = {Overview of Amazon Web Services},
howpublished = {\url{https://d36cz9buwru1tt.cloudfront.net/AWS_Overview.pdf}},
month = {January},
year = {2014},
note = {Accessed: 2016-12-09}
}

@inproceedings{Vo:12,
 author={H. T. Vo and S. Wang and D. Agrawal and G. Chen and B. C. Ooi},
 year={2012},
title={Logbase: A scalable log-structured database system in the cloud},
booktitle={Proceedings of the VLDB Endowment 5},
number = {10},
month = {June},
pages = {1004-1015}
}

@inproceedings{Welte:14a,
author={J. T. Welte and M. Koester and C. Bowman and D. R. Buckmaster and J. V. Krogmeier and A. C. Ault},
year={2014},
title={Structure, features, and benefits of the Open Ag Toolkit approach to farm management information systems},
booktitle={Annual Meeting of the American Society of Agricultural and Biological Engineers},
address = {Montreal, Canada},
note = {Paper No. 141929389}
}

@mastersthesis{Welte:14b,
  author       =  {Jonathan Tyler Welte}, 
  title        =  {A Farm Management Information System with Task-Specific, Collaborative Mobile Apps and Cloud Storage Services},
  school       =  {Purdue University},
  year         =  2014,
  address      =  {West Lafayette, IN}
}








@article{Humble:11,
author = "J. Humble and J. Molesky",  
title = "Why Enterprises Must Adopt Devops to Enable Continuous Delivery", 
journal = "Cutter IT Journal", 
volume = "24",
number = "8",
month = "August",
year = "2011",
pages = "6-12"}

@article{Hur:13,
author = "S. Hur and T. Kim and D. Love and J. Krogmeier and T. Thomas and A. Ghosh",  
title = "Millimeter Wave Beamforming for Wireless
	Backhaul and Access in Small Cell Networks", 
journal = com, 
volume = "61",
number = "10",
month = "October",
year = "2013",
pages = "4391-4403"}

@conference {Kempf:09,
author =  "T. Kempf and S. Wallentowitz and G. Ascheid and R. Leupers and H. Meyr",
title = "A Workbench for Analytical and Simulation based Design Space Exploration of Software Defined Radios",
booktitle =  "Proc. 22nd International Conf. on VLSI Design",
year = "2009",
pages = "281-286"}

@article{Marcum:15a,
author = "A. C. Marcum and D. J. Love and J. V. Krogmeier and A. Sprintson",  
title = "Analysis and Implementation of Asynchronous
	Physical Layer Network Coding", 
journal = wireless, 
volume = "14",
number = "12",
month = "December",
year = "2015",
pages = "6595-6607"}

@conference {Marcum:15b,
author =  "A. C. Marcum and J. Y. Kim and D. J. Love and J. V. Krogmeier",
title = "Interference Detection Using Time-Frequency Binary Hypothesis Testing",
booktitle =  "Proc. IEEE Military Communications Conference
   	(MILCOM)",
year = "2015",
pages = "1485-1490"}

@article{Meerja:15,
author = "K. A. Meerja and A. Shami and A. Refaey",  
title = "Hailing Cloud Empowered Radio Access Networks", 
journal = "IEEE Wireless Communications Magazine", 
volume = "22",
number = "1",
month = "February",
year = "2015",
pages = "122-129"}

@conference {Raychaudhuri:05,
author =  "D. Raychaudhuri and I. Seskar and M. Ott and S. Ganu and K. Ramachandran and H. Kremo and R. Siracusa
	and H. Liu and M. Singh",
title = "Overview of the {ORBIT} Radio Grid Testbed for Evaluation of Next Generation Wireless Network Protocols",
booktitle =  "Proc. IEEE Wireless Communications and Networking Conf.",
volume = "3",
year = "2005",
pages = "1664-1669"}

@book{Zygmund:59,
author =  "A. Zygmund",
title = "Trigonometric Series",
publisher =  "Cambridge University Press",
year = "1959",
address = "Cambridge"}































































































































































